@article{Deep-learning-is-combined-with-massive-scale-citizen-science,
author={Sullivan, Devin P.
and Winsnes, Casper F.
and {\AA}kesson, Lovisa
and Hjelmare, Martin
and Wiking, Mikaela
and Schutten, Rutger
and Campbell, Linzi
and Leifsson, Hjalti
and Rhodes, Scott
and Nordgren, Andie
and Smith, Kevin
and Revaz, Bernard
and Finnbogason, Bergur
and Szantner, Attila
and Lundberg, Emma},
title={Deep learning is combined with massive-scale citizen science to improve large-scale image classification},
journal={Nature Biotechnology},
year={2018},
month={Oct},
day={01},
volume={36},
number={9},
pages={820-828},
abstract={Pattern recognition in imaging data by >300,000 players of a global, online, commercial computer game is combined with deep learning to improve the accuracy of annotation of subcellular protein localization.},
issn={1546-1696},
doi={10.1038/nbt.4225},
url={https://doi.org/10.1038/nbt.4225}
}

@Article{Supervised-learning-with-decision-tree-based-methods-in-computational-and-systems-biology,
author ="Geurts, Pierre and Irrthum, Alexandre and Wehenkel, Louis",
title  ="Supervised learning with decision tree-based methods in computational and systems biology",
journal  ="Mol. BioSyst.",
year  ="2009",
volume  ="5",
issue  ="12",
pages  ="1593-1605",
publisher  ="The Royal Society of Chemistry",
doi  ="10.1039/B907946G",
url  ="http://dx.doi.org/10.1039/B907946G"
}

@article{Efficient-Vision-Transformers-for-Autonomous-Systems,
    author = {Faykus III, M.H., Pickeral, A., Marquez, E., Smith, M.C. and Calhoun, J.C.},
    title = {Efficient Vision Transformers for Autonomous Off-Road Perception Systems},
    journal = {Journal of Computer and Communications},
    year = {2024},
    doi = {10.4236/jcc.2024.129011}
}

@article{An-AI-based-learning-style-prediction-model-for-personalized-and-effective-learning,
title = {An AI-based learning style prediction model for personalized and effective learning},
journal = {Thinking Skills and Creativity},
volume = {51},
pages = {101421},
year = {2024},
issn = {1871-1871},
doi = {https://doi.org/10.1016/j.tsc.2023.101421},
url = {https://www.sciencedirect.com/science/article/pii/S187118712300189X},
author = {Varsha T. Lokare and Prakash M. Jadhav},
keywords = {, Classification model, Learning styles}
}

@INPROCEEDINGS{AI-In-Disaster-Risk-Communication,
  author={Ogie, Robert Ighodaro and Rho, Juan Castilla and Clarke, Rodney J.},
  booktitle={2018 5th International Conference on Information and Communication Technologies for Disaster Management (ICT-DM)}, 
  title={Artificial Intelligence in Disaster Risk Communication: A Systematic Literature Review}, 
  year={2018},
  volume={},
  number={},
  pages={1-8},
  keywords={Social networking (online);Machine learning;Floods;Training;Support vector machines;Monitoring;Artificial Intelligence;disaster;machine learning;communication},
  doi={10.1109/ICT-DM.2018.8636380}
}

@article{A-Situation-Awareness-Perspective-on-Human-AI-Interaction,
author = {Jinglu Jiang, Alexander J. Karran, Constantinos K. Coursaris, Pierre-Majorique LÃ©ger and Joerg Beringer},
title = {A Situation Awareness Perspective on Human-AI Interaction: Tensions and Opportunities},
journal = {International Journal of Human-Computer Interaction},
volume = {39},
number = {9},
pages = {1789--1806},
year = {2023},
publisher = {Taylor \& Francis},
doi = {10.1080/10447318.2022.2093863},
URL = { 
        https://doi.org/10.1080/10447318.2022.2093863
},
eprint = { 
        https://doi.org/10.1080/10447318.2022.2093863
}
}

@misc{ronneberger2015unetconvolutionalnetworksbiomedical,
      title={U-Net: Convolutional Networks for Biomedical Image Segmentation}, 
      author={Olaf Ronneberger and Philipp Fischer and Thomas Brox},
      year={2015},
      eprint={1505.04597},
      archivePrefix={arXiv},
      primaryClass={cs.CV},
      url={https://arxiv.org/abs/1505.04597}, 
}

@Article{Your-Robot-Therapist-Will-See-You-Now,
author="Fiske, Amelia
and Henningsen, Peter
and Buyx, Alena",
title="Your Robot Therapist Will See You Now: Ethical Implications of Embodied Artificial Intelligence in Psychiatry, Psychology, and Psychotherapy",
journal="J Med Internet Res",
year="2019",
month="May",
day="09",
volume="21",
number="5",
pages="e13216",
keywords="artificial intelligence; robotics; ethics; psychiatry; psychology; psychotherapy; medicine",
issn="1438-8871",
doi="10.2196/13216",
url="https://www.jmir.org/2019/5/e13216/",
url="https://doi.org/10.2196/13216",
url="http://www.ncbi.nlm.nih.gov/pubmed/31094356"
}

@inproceedings{shao2024exploring,
  title={Exploring the Technological Potential and Moral Perils of Generative AI in Post-Adoption Use},
  author={Shao, Zhen and Zhang, Jing and Zhang, Lin},
  booktitle={PACIS 2024 Proceedings},
  year={2024},
  number={2},
  url={https://aisel.aisnet.org/pacis2024/track01_aibussoc/track01_aibussoc/2}
}

@article{JIANG2024100078,
title = {Human-AI interaction research agenda: A user-centered perspective},
journal = {Data and Information Management},
pages = {100078},
year = {2024},
issn = {2543-9251},
doi = {https://doi.org/10.1016/j.dim.2024.100078},
url = {https://www.sciencedirect.com/science/article/pii/S2543925124000147},
author = {Tingting Jiang and Zhumo Sun and Shiting Fu and Yan Lv},
keywords = {Human-AI interaction, Human-AI collaboration, Human-AI competition, Human-AI conflict, Human-AI symbiosis}
}